@book{womak:lean-thinking,
    author  = {James P. Womack, Daniel T. Jones},
    title   = {Lean Thinking, Second Editon},
    publisher = {Simon \& Schuster, Inc.},
    year    = {2010}
}

@online{site:agile-manifesto,
    title   = {Manifesto Agile},
    url     = {http://agilemanifesto.org/iso/it/}
}

@article{LarmanBasili2003,
    author  = {Craig Larman and Victor R. Basili},
    title   = {Iterative and Incremental Development: A Brief History},
    journal = {Computer},
    year    = {2003},
    volume  = {36},
    number  = {6},
    pages   = {47--56},
    publisher = {IEEE Computer Society}
}
